@article{Thygesen2018,
  title={Fourth universal definition of myocardial infarction (2018)},
  author={Thygesen, Kristian and Alpert, Joseph S and Jaffe, Allan S and Chaitman, Bernard R and Bax, Jeroen J and Morrow, David A and White, Harvey D},
  journal={Journal of the American College of Cardiology},
  volume={72},
  number={18},
  pages={2231--2264},
  year={2018},
  publisher={Elsevier}
}

@article{Reed2017,
  title={Acute myocardial infarction},
  author={Reed, Grant W and Rossi, Jeffrey E and Cannon, Christopher P},
  journal={The Lancet},
  volume={389},
  number={10065},
  pages={197--210},
  year={2017},
  publisher={Elsevier}
}

@article{Morrow2012,
  title={Cardiovascular risk prediction in patients with stable and unstable coronary heart disease},
  author={Morrow, David A},
  journal={Circulation},
  volume={125},
  number={24},
  pages={2938--2947},
  year={2012},
  publisher={Am Heart Assoc}
}

@article{Antman2000,
  title={The TIMI risk score for unstable angina/non-ST elevation MI: a method for prognostication and therapeutic decision making},
  author={Antman, Elliott M and Cohen, Marc and Bernink, Peter JLM and McCabe, Carolyn H and Horacek, Thomas and Papuchis, Gary and Mautner, Branco and Corbalan, Ramon and Radley, David and Braunwald, Eugene},
  journal={Jama},
  volume={284},
  number={7},
  pages={835--842},
  year={2000},
  publisher={American Medical Association}
}

@article{Krumholz2006,
  title={An administrative claims model suitable for profiling hospital performance based on 30-day mortality rates among patients with an acute myocardial infarction},
  author={Krumholz, Harlan M and Wang, Yun and Mattera, Jennifer A and Wang, Yongfei and Han, Lein F and Ingber, Melvin J and Roman, Sheila and Normand, Sharon-Lise T},
  journal={Circulation},
  volume={113},
  number={13},
  pages={1683--1692},
  year={2006},
  publisher={Am Heart Assoc}
}

@article{Kingma2014,
  title={Auto-encoding variational bayes},
  author={Kingma, Diederik P and Welling, Max},
  journal={arXiv preprint arXiv:1312.6114},
  year={2014}
}

@article{Miotto2018,
  title={Deep learning for healthcare: review, opportunities and challenges},
  author={Miotto, Riccardo and Wang, Fei and Wang, Shuang and Jiang, Xiaoqian and Dudley, Joel T},
  journal={Briefings in bioinformatics},
  volume={19},
  number={6},
  pages={1236--1246},
  year={2018},
  publisher={Oxford University Press}
}

@article{Way2018,
  title={Extracting a biologically relevant latent space from cancer transcriptomes with variational autoencoders},
  author={Way, Gregory P and Greene, Casey S},
  journal={Pacific Symposium on Biocomputing},
  volume={23},
  pages={80--91},
  year={2018},
  publisher={World Scientific}
}

@article{Basu2018,
  title={Clinical risk prediction by exploring high-order feature correlations},
  author={Basu, Sumanta and Raghavan, Sriraam and Kolachalama, Vijaya B and Naresh, Arunachalam},
  journal={AMIA Annual Symposium Proceedings},
  volume={2018},
  pages={263},
  year={2018},
  publisher={American Medical Informatics Association}
}

@article{Higgins2017,
  title={beta-vae: Learning basic visual concepts with a constrained variational framework},
  author={Higgins, Irina and Matthey, Loic and Pal, Arka and Burgess, Christopher and Glorot, Xavier and Botvinick, Matthew and Mohamed, Shakir and Lerchner, Alexander},
  journal={International Conference on Learning Representations},
  volume={2},
  number={5},
  pages={6},
  year={2017}
}

@article{Tonekaboni2019,
  title={Unsupervised representation learning for time series with temporal neighborhood coding},
  author={Tonekaboni, Sana and Joshi, Shalmali and McCradden, Melissa D and Goldenberg, Anna},
  journal={arXiv preprint arXiv:1912.02443},
  year={2019}
}

@article{Ma2019,
  title={Dipole: Diagnosis prediction in healthcare via attention-based bidirectional recurrent neural networks},
  author={Ma, Fenglong and Chitta, Radha and Zhou, Jing and You, Quanzeng and Sun, Tong and Gao, Jing},
  journal={Proceedings of the 23rd ACM SIGKDD international conference on knowledge discovery and data mining},
  pages={1903--1911},
  year={2017}
}

@article{Ayala2006,
  title={Unsupervised machine learning for the discovery of latent disease clusters and patient subgroups using electronic health records},
  author={Ayala Solares, Jose Roberto and Raimondi, Francesca Elisa and Zhu, Yajie and Rahimian, Fatemeh and Canoy, Dexter and Tran, Jenny and Gomes, Ana Catarina Pinho and Payberah, Amir H and Zottoli, Mariagrazia and Nazarzadeh, Milad and others},
  journal={Journal of biomedical informatics},
  volume={102},
  pages={103364},
  year={2020},
  publisher={Elsevier}
}

@article{Miotto2017,
  title={Deep patient: an unsupervised representation to predict the future of patients from the electronic health records},
  author={Miotto, Riccardo and Li, Li and Kidd, Brian A and Dudley, Joel T},
  journal={Scientific reports},
  volume={6},
  number={1},
  pages={1--10},
  year={2016},
  publisher={Nature Publishing Group}
}

@article{Choi2016,
  title={Doctor ai: Predicting clinical events via recurrent neural networks},
  author={Choi, Edward and Bahadori, Mohammad Taha and Schuetz, Andy and Stewart, Walter F and Sun, Jimeng},
  journal={Machine Learning for Healthcare Conference},
  pages={301--318},
  year={2016},
  organization={PMLR}
}

@article{Banda2018,
  title={Using deep learning to identify and predict patient phenotypes from electronic health records},
  author={Banda, Juan M and Seneviratne, Martin and Hernandez-Boussard, Tina and Shah, Nigam H},
  journal={AMIA Summits on Translational Science Proceedings},
  volume={2018},
  pages={64},
  year={2018},
  publisher={American Medical Informatics Association}
}

@article{Wang2019,
  title={Deep generative modeling for mechanistic-based learning and design of cardiovascular diseases},
  author={Wang, Ying and Mandal, Mirunalini and Chaudhuri, Prakash and Schiavazzi, Daniele},
  journal={Proceedings of the National Academy of Sciences},
  volume={116},
  number={26},
  pages={13096--13103},
  year={2019},
  publisher={National Acad Sciences}
}

@article{Gomez2018,
  title={Automatic chemical design using a data-driven continuous representation of molecules},
  author={G{\'o}mez-Bombarelli, Rafael and Wei, Jennifer N and Duvenaud, David and Hern{\'a}ndez-Lobato, Jos{\'e} Miguel and S{\'a}nchez-Lengeling, Benjam{\'\i}n and Sheberla, Dennis and Aguilera-Iparraguirre, Jorge and Hirzel, Timothy D and Adams, Ryan P and Aspuru-Guzik, Al{\'a}n},
  journal={ACS central science},
  volume={4},
  number={2},
  pages={268--276},
  year={2018},
  publisher={ACS Publications}
}

@article{Che2015,
  title={Distilling knowledge from deep networks with applications to healthcare domain},
  author={Che, Zhengping and Purushotham, Sanjay and Khemani, Robinder and Liu, Yan},
  journal={arXiv preprint arXiv:1512.03542},
  year={2015}
}

@article{Choi2016b,
  title={Retain: An interpretable predictive model for healthcare using reverse time attention mechanism},
  author={Choi, Edward and Bahadori, Mohammad Taha and Sun, Jimeng and Kulas, Joshua and Schuetz, Andy and Stewart, Walter},
  journal={Advances in Neural Information Processing Systems},
  volume={29},
  year={2016}
}

@article{Kumar2018,
  title={Variational inference of disentangled latent concepts from unlabeled observations},
  author={Kumar, Abhishek and Sattigeri, Prasanna and Balakrishnan, Avinash},
  journal={arXiv preprint arXiv:1711.00848},
  year={2018}
}

@article{Tibshirani1996,
  title={Regression shrinkage and selection via the lasso},
  author={Tibshirani, Robert},
  journal={Journal of the Royal Statistical Society: Series B (Methodological)},
  volume={58},
  number={1},
  pages={267--288},
  year={1996},
  publisher={Wiley Online Library}
}

@article{Collins2014,
  title={Memory bounded deep convolutional networks},
  author={Collins, Maxwell D and Kohli, Pushmeet},
  journal={arXiv preprint arXiv:1412.1442},
  year={2014}
}

@article{Yuan2006,
  title={Model selection and estimation in regression with grouped variables},
  author={Yuan, Ming and Lin, Yi},
  journal={Journal of the Royal Statistical Society: Series B (Statistical Methodology)},
  volume={68},
  number={1},
  pages={49--67},
  year={2006},
  publisher={Wiley Online Library}
}

@article{Ranzato2008,
  title={Sparse feature learning for deep belief networks},
  author={Ranzato, Marc'Aurelio and Boureau, Y-Lan and LeCun, Yann},
  journal={Advances in neural information processing systems},
  volume={20},
  year={2008}
}

@article{Lozano2011,
  title={Group sparse multivariate regression with an application to eQTL data analysis},
  author={Lozano, Aur{\'e}lie C and {\c{S}}imbek, G{\"u}ne{\c{s}} and Seung-Jun, Kim and Lee, Jason and Klein, Michael and Hosking, John and Radovanovic, Katarina and Bravo, H{\'e}ctor Corrada},
  journal={IEEE/ACM Transactions on Computational Biology and Bioinformatics},
  volume={9},
  number={4},
  pages={1119--1130},
  year={2011},
  publisher={IEEE}
}

@article{Yeung2017,
  title={Tackling over-pruning in variational autoencoders},
  author={Yeung, Serena and Kannan, Anitha and Dauphin, Yann and Fei-Fei, Li},
  journal={arXiv preprint arXiv:1706.03643},
  year={2017}
}

@article{Li2019,
  title={Learning interpretable feature context effects in discrete choice},
  author={Li, Leo YW and Adamowicz, Wiktor and Swait, Joffre},
  journal={Journal of Choice Modelling},
  volume={31},
  pages={95--111},
  year={2019},
  publisher={Elsevier}
} 